<?xml version="1.0" encoding="UTF-8"?><collection xmlns="http://www.loc.gov/MARC21/slim"><record><leader>00456nam--2200169-i-4500</leader><controlfield tag="001">000014642</controlfield><controlfield tag="002">20161230</controlfield><controlfield tag="005">20161230201030</controlfield><controlfield tag="008">060222s1000------------r-----000-0-eng-d</controlfield><datafield ind1=" " ind2=" " tag="040"><subfield code="a">IFIN-HH</subfield></datafield><datafield ind1=" " ind2=" " tag="080"><subfield code="a">538.913</subfield></datafield><datafield ind1="1" ind2=" " tag="100"><subfield code="a">Bottger, Harald</subfield></datafield><datafield ind1="1" ind2="0" tag="245"><subfield code="a">Principles of the theory of lattice dynamics</subfield><subfield code="c">Harald bottger</subfield></datafield><datafield ind1=" " ind2=" " tag="260"><subfield code="a">Berlin</subfield><subfield code="b">Akademie Verlag</subfield><subfield code="c">1983</subfield></datafield><datafield ind1=" " ind2=" " tag="300"><subfield code="a">330 P. + 106 FIGURES</subfield></datafield><datafield ind1=" " ind2=" " tag="852"><subfield code="a">71481</subfield><subfield code="c">539.2</subfield></datafield><datafield ind1=" " ind2=" " tag="CAT"><subfield code="a">Sys</subfield><subfield code="c">20121107</subfield><subfield code="h">130255</subfield></datafield></record></collection>